<collection xmlns="http://www.loc.gov/MARC21/slim">
<record>
  <leader>01113nam0a22002411i 450 </leader>
  <controlfield tag="001">IT\ICCU\CNCE\069595</controlfield>
  <controlfield tag="005">20140410000000.0</controlfield>
  <datafield tag="012" ind1=" " ind2=" ">
    <subfield code="a">Redi o.r. hoin o.o. (C) 1597 (R)</subfield>
    <subfield code="2">fei</subfield>
  </datafield>
  <datafield tag="100" ind1=" " ind2=" ">
    <subfield code="a">20070125d1597        0itac0103    ba</subfield>
  </datafield>
  <datafield tag="101" ind1=" " ind2=" ">
    <subfield code="a">ITA</subfield>
  </datafield>
  <datafield tag="102" ind1=" " ind2=" ">
    <subfield code="a">IT</subfield>
  </datafield>
  <datafield tag="200" ind1="1" ind2=" ">
    <subfield code="a">Compendio breuissimo utile et necessario per chi desidera facilmente introdursi nella grammatica, del molto rev. m. Sebastano Grandi, rettore della  congregazione della Mad. delle carceri di Camerino</subfield>
  </datafield>
  <datafield tag="210" ind1=" " ind2=" ">
    <subfield code="a">In Camerino</subfield>
    <subfield code="c">appresso Francesco Gioiosi</subfield>
    <subfield code="d">1597</subfield>
  </datafield>
  <datafield tag="215" ind1=" " ind2=" ">
    <subfield code="a">47, \1! p.</subfield>
    <subfield code="d">4ʻ</subfield>
  </datafield>
  <datafield tag="620" ind1=" " ind2=" ">
    <subfield code="a">IT</subfield>
    <subfield code="d">Camerino</subfield>
  </datafield>
  <datafield tag="700" ind1=" " ind2="1">
    <subfield code="a">Grandi,</subfield>
    <subfield code="b">Sebastiano</subfield>
    <subfield code="3">IT\ICCU\CNCA\027637</subfield>
  </datafield>
  <datafield tag="712" ind1="0" ind2="0">
    <subfield code="a">Gioioso, Francesco</subfield>
    <subfield code="3">IT\ICCU\CNCT\001176</subfield>
    <subfield code="4">650</subfield>
  </datafield>
  <datafield tag="790" ind1=" " ind2="1">
    <subfield code="a">Grandis,</subfield>
    <subfield code="b">Sebastiano : de</subfield>
    <subfield code="3">IT\ICCU\CNCA\027638</subfield>
    <subfield code="z">Grandi, Sebastiano</subfield>
  </datafield>
  <datafield tag="791" ind1="0" ind2="0">
    <subfield code="a">Ioiosus, Franciscus</subfield>
    <subfield code="3">IT\ICCU\CNCT\003845</subfield>
    <subfield code="z">Gioioso, Francesco</subfield>
  </datafield>
  <datafield tag="791" ind1="0" ind2="0">
    <subfield code="a">Gioiosi, Francesco</subfield>
    <subfield code="3">IT\ICCU\CNCT\004882</subfield>
    <subfield code="z">Gioioso, Francesco</subfield>
  </datafield>
  <datafield tag="791" ind1="0" ind2="0">
    <subfield code="a">Gioiosus, Franciscus</subfield>
    <subfield code="3">IT\ICCU\CNCT\004883</subfield>
    <subfield code="z">Gioioso, Francesco</subfield>
  </datafield>
  <datafield tag="801" ind1=" " ind2="3">
    <subfield code="a">IT</subfield>
    <subfield code="b">ICCU</subfield>
    <subfield code="c">20201115</subfield>
  </datafield>
  <datafield tag="899" ind1=" " ind2=" ">
    <subfield code="a">Biblioteca comunale degli Intronati. Siena</subfield>
    <subfield code="1">SI0046</subfield>
    <subfield code="2">RT1 QI</subfield>
  </datafield>
</record>
</collection>
